2619 3160
261 689 446 796 Quod
470 718 753 762 Lexicorum
777 715 1063 758 Graecorum
1087 727 1113 756 e
1133 713 1370 757 codicibus
1391 728 1475 757 ms.
1496 728 1598 757 cum
1625 714 1682 757 ab
1713 716 1814 759 aliis
1845 720 1944 758 tum
1969 730 1994 757 a
2023 729 2097 758 me
2122 716 2315 774 potissi-

263 816 390 843 mum
419 801 759 857 descriptorum
779 799 960 856 Corpus
983 797 1155 856 passim
1177 802 1223 839 et
1256 795 1466 853 plui-ibus
1498 798 1683 840 iamiam
1714 797 1880 841 abhinc
1911 797 2040 839 annis
2065 795 2319 854 significavi

261 879 311 920 in
341 878 491 920 lucem
520 876 770 940 aliquando
797 889 872 918 me
895 874 1128 917 editurum
1147 886 1273 927 esse,
1305 873 1479 930 quippe
1505 888 1596 932 quo
1619 887 1713 916 non
1733 876 1873 918 modo
1902 875 1963 918 ad
1987 874 2320 918 emendandam

265 961 311 997 et
361 953 675 1012 supplendam
722 937 1003 995 Lexicorum
1042 951 1336 1010 antiquorum
1377 949 1549 994 dudum
1589 953 1714 1009 typis
1758 953 2082 996 mandatorum
2113 952 2321 1011 scriptu-

261 1046 362 1075 ram
392 1030 599 1089 subsidia
620 1043 745 1076 nova
765 1035 813 1073 et
841 1029 1004 1088 copiae
1024 1029 1395 1083 continerentur,
1427 1041 1539 1072 vero
1563 1030 1702 1072 etiam
1726 1030 1901 1073 inedita
1924 1029 2157 1088 quaedam-
2171 1026 2322 1072 Glos-

263 1111 388 1153 saria
418 1115 465 1152 et
501 1122 659 1151 rerum
687 1096 987 1150 tractatarum
1018 1107 1224 1165 novitate
1261 1111 1307 1148 et
1348 1104 1570 1163 singulari
1599 1105 1849 1151 verborum
1880 1105 2213 1164 significatione
2241 1107 2321 1150 in-

261 1188 409 1245 signia
432 1185 734 1243 vulgarentur
758 1216 772 1240 ,
828 1185 952 1228 unde
973 1185 1177 1242 cognitio
1201 1183 1465 1227 litterarum·
1487 1185 1781 1242 antiquarum
1821 1184 1945 1227 haud
1968 1197 2141 1241 paucos
2170 1198 2321 1243 neque

262 1268 453 1323 exiguos
485 1264 663 1309 fructus
689 1269 829 1323 atque
872 1263 1184 1308 emolumenta
1226 1268 1435 1321 caperet,
1477 1262 1527 1305 id
1556 1277 1695 1320 quum
1721 1262 1768 1304 in
1801 1276 1855 1306 eo
1881 1262 1975 1306 iam
2007 1262 2123 1319 sim,
2175 1270 2228 1307 ut
2262 1278 2323 1308 ex

262 1342 443 1385 scriniis
486 1340 760 1399 depromere
780 1342 1019 1385 instituam
1036 1373 1051 1397 ,
1104 1354 1198 1384 non
1220 1341 1421 1385 alienum
1447 1340 1504 1384 ab
1530 1341 1617 1385 hac
1637 1355 1689 1385 re
1708 1341 1823 1386 mihi
1834 1342 1966 1386 visus
1979 1356 2083 1386 sum
2108 1357 2223 1400 opus
2247 1342 2325 1386 fia-

262 1424 440 1473 cturus‚
474 1419 538 1473 si,
569 1418 727 1462 oblata
745 1418 832 1462 hac
854 1418 1120 1477 scriptionis
1138 1417 1353 1477 publicae
1388 1419 1742 1477 opportunitate
1764 1449 1778 1474 ,
1815 1419 1894 1478 qui
1922 1419 2023 1463 sine
2049 1418 2323 1467 liberalibus

263 1496 427 1538 studiis
447 1496 506 1538 ad
530 1496 748 1539 virtutem
767 1496 999 1553 perveniri
1018 1509 1157 1554 posse
1185 1510 1288 1538 cum
1310 1497 1483 1540 Seneca
1507 1503 1674 1554 negant
1690 1529 1704 1553 ‚
1749 1512 1827 1541 eos
1857 1497 2040 1544 consilii
2059 1499 2153 1542 mei
2174 1499 2326 1543 denuo

264 1572 707 1616 commonefacerem
737 1574 887 1631 iisque
909 1586 1025 1629 opus
1050 1586 1146 1615 non
1164 1572 1264 1616 sine
1279 1571 1440 1615 labore
1458 1572 1700 1632 ‘multoque
1721 1575 1890 1617 sudore
1912 1574 2177 1618 confectum
2194 1590 2327 1618 com-

265 1650 543 1692 mendarem.
619 1648 890 1706 speciminis
910 1650 1052 1707 igitur
1079 1649 1211 1705 loco,
1255 1663 1373 1707 quae
1402 1662 1526 1692 nunc
1554 1651 1642 1692 edo
1673 1648 1902 1692 Glossarii
1941 1651 2330 1694 Latino-Graeci

267 1725 634 1784 apospasmatia,
667 1726 828 1771 haberi
849 1727 957 1773 volo
972 1759 984 1782 ,
1018 1742 1113 1771 non
1143 1743 1234 1786 quo
1256 1727 1488 1771 rationem
1519 1725 1694 1770 Lexica
1720 1741 1821 1770 mea
1839 1728 2069 1771 tractandi
2090 1734 2195 1771 ante
2213 1742 2330 1770 ocu-

267 1804 338 1847 los
364 1804 568 1847 omnium
590 1817 787 1862 ponam,
822 1806 904 1849 sed
930 1820 1020 1864 quo
1048 1819 1154 1860 eos,
1199 1819 1399 1862 quorum
1425 1804 1642 1859 interest,
1692 1804 1913 1848 certiores
1949 1805 2116 1849 faciam
2151 1806 2210 1850 de
2239 1821 2329 1852 vo-

267 1883 446 1926 luntate
470 1896 574 1925 mea
596 1883 750 1940 operis
783 1883 989 1927 inchoati
1018 1883 1289 1942 quantocius
1320 1881 1614 1941 pertexendi.
1689 1879 1913 1941 Excerpsi
1944 1882 2200 1941 fragmenta
2228 1884 2325 1939 illa,

268 1976 387 2018 quae
416 1960 658 2003 confestim
694 1961 824 2017 sequi
862 1960 1024 2015 iubeo,
1068 1962 1367 2004 adnotatione
1407 1974 1508 2002 mea
1541 1958 1847 2018 qualicunque
1878 1966 2032 2016 aucta,
2082 1974 2143 2004 ex
2169 1962 2328 2005 codice

266 2037 389 2082 Bibl.
433 2036 707 2080 Parisiensis
746 2040 862 2085 7651
915 2039 1098 2097 spisso,
1142 2039 1221 2096 qui
1251 2038 1500 2095 aliquando
1531 2042 1738 2081 accurate
1772 2041 2019 2092 tractetur,
2067 2043 2199 2081 tanto
2224 2054 2332 2083 ma-

267 2116 335 2172 gis
359 2115 521 2170 digno,
566 2121 738 2171 quanto
768 2113 1086 2171 Glossarium,
1131 2116 1255 2174 quod
1277 2129 1331 2158 eo
1356 2116 1643 2169 continetur,
1674 2127 1769 2158 non
1790 2114 1942 2161 solum
1969 2121 2167 2174 propter
2195 2122 2333 2161 vetn-

264 2198 429 2234 statem
472 2189 787 2243 membranae,
832 2207 922 2248 qua
946 2194 1151 2249 scriptus.
1171 2198 1261 2246 est,
1306 2194 1385 2235 sed
1409 2193 1546 2235 etiam
1568 2199 1818 2250 propterea
1854 2194 2058 2238 maxime
2093 2208 2331 2238 commen-

269 2270 403 2311 datur
423 2298 435 2321 ,
483 2266 606 2323 quod
636 2267 896 2322 permultae
919 2268 967 2309 in
991 2283 1044 2310 eo
1066 2270 1358 2326 reperiantur
1381 2269 1563 2326 glossae
1581 2300 1596 2324 ,
1637 2284 1753 2329 quae
1778 2259 1858 2313 aut
1889 2271 1939 2314 in
1960 2271 2140 2316 Labbei
2168 2273 2334 2318 Colle-

272 2347 422 2387 ctione
443 2342 580 2401 plane
607 2343 884 2385 omittuntur
903 2374 917 2398 ,
963 2352 1042 2388 aut
1067 2348 1294 2404 siquidem
1327 2352 1536 2403 exstant,
1578 2357 1909 2408 saepenumero
1933 2351 2070 2396 huius
2102 2350 2333 2397 Glossarii

273 2425 457 2467 demum
477 2435 566 2479 ope
593 2421 827 2463 emendari
846 2430 1051 2478 possunt.
1079 2430 1084 2434 '
1120 2425 1263 2479 Quod
1284 2426 1357 2470 vel
1375 2441 1520 2483 pauca
1545 2428 1659 2470 haec
1673 2430 1924 2485 specimina
1942 2431 2104 2473 testari
2122 2437 2329 2487 possunt,

275 2515 393 2560 quae
413 2501 463 2544 in
478 2505 742 2543 transcursu
766 2513 824 2543 ex
847 2500 1003 2544 codice
1018 2514 1045 2543 a
1069 2514 1143 2544 me
1163 2502 1395 2562 descripta
1409 2536 1422 2559 ,
1455 2519 1512 2548 eo
1534 2505 1678 2562 magis
1701 2506 1892 2549 consilio
1913 2521 2033 2550 nunc
2055 2507 2230 2563 publici
2253 2509 2334 2552 in·-

273 2580 338 2623 ris
360 2578 501 2634 facio,
533 2580 586 2619 ut
601 2576 820 2632 virorum,
855 2576 1017 2634 quibus
1033 2577 1139 2622 illos
1161 2579 1287 2622 adire
1308 2579 1416 2622 licet
1436 2567 1603 2635 fontes,
1637 2582 1936 2625 attentionem
1959 2585 2170 2639 excitem,
2195 2600 2336 2644 quam

277 2662 330 2701 ut
350 2670 408 2700 ex
428 2656 500 2699 his
522 2669 549 2697 a
573 2667 646 2696 me
671 2668 791 2697 nunc
822 2655 1060 2715 vulgandis
1083 2657 1264 2701 credam
1287 2658 1447 2713 ingens
1476 2657 1643 2701 litteris
1675 2658 1806 2702 bonis
1835 2660 2200 2708 redundaturum
2233 2679 2334 2708 esse

2202 2756 2331 2785 emo-
