2619 3160
1290 114 1366 168 10

1233 219 1275 280 §.
1338 225 1411 268 13.

411 300 487 342 De
514 297 808 348 Atriensibus
839 297 1172 342 diaetariorum
1216 311 1411 343 munere
1451 297 1749 357 fungentibus
1773 302 1851 353 cf.
1879 302 2075 352 Tauhm.
2111 305 2177 350 ad
2203 302 2358 349 Plant.

287 377 456 422 Pseud.
484 375 545 430 11,
571 381 613 429 2,
640 377 701 429 14
720 412 723 417 .
742 380 790 419 et
823 372 1168 419 Wunderlich..
1193 376 1255 420 de
1290 389 1384 422 usu
1418 373 1792 436 inscrzptionum
1833 377 2036 437 Roman.
2065 389 2278 428 veterum
2308 379 2360 424 in

286 457 420 508 iure,
445 450 798 508 Quedlinburgi
825 453 961 498 1750.
982 453 1025 504 4·
1049 464 1098 506 P.
1114 452 1185 504 94·
1210 464 1308 509 seq.
1371 451 1448 497 De
1482 454 1763 498 diaetarcho
1794 455 1900 499 vide
1929 468 2134 515 marmor
2162 459 2362 517 Capito-

285 532 433 575 linum
455 530 516 572 ad
532 527 780 584 Apuleium
799 528 1149 582 grammaticum
1172 543 1216 585 p.
1231 532 1302 577 51.
1328 531 1516 575 editum.
1590 531 1835 577 Caeterum
1862 533 2062 592 glossam
2083 540 2286 578 nostram
2309 535 2358 587 in

283 610 469 654 Auctar.
496 604 615 648 Lex.
638 602 804 649 Graec.
828 606 948 661 p-49
969 604 1063 646 iam
1089 603 1320 663 vulgatam
1350 611 1573 667 reperies.

1237 712 1281 775 §.
1347 719 1419 772 14.
1460 757 1465 763 .
1704 760 1710 765 ,
1833 755 1836 758 ,

410 804 573 848 Codex
610 804 1335 846 MEAANONWAO‘I‘KIAAIOC.
1399 802 1620 852 Nostram
1659 808 1857 867 glossam
1883 841 1898 864 ,
1959 809 2141 869 qualem
2175 808 2233 850 ad
2278 805 2355 854 Gl.

281 880 430 924 Labb.
462 880 672 933 correxi,
713 880 878 921 recitat
899 877 1104 935 Scaliger
1129 878 1189 922 ad
1212 878 1334 923 Fest.
1354 896 1396 927 v.
1421 880 1639 942 Aquilae
1658 916 1672 941 ,
1719 887 1776 929 de
1800 886 1926 930 cuius
1959 886 2086 931 vocis
2124 884 2358 942 significa-

281 961 412 1003 tione
435 957 631 1015 legenda
653 955 790 998 affert
813 953 1102 997 Forcelliuus
1129 954 1175 998 h.
1199 970 1242 1000 v.

1225 1064 1268 1127 ς.
1335 1069 1409 1116 15.

402 1160 477 1203 De
507 1168 710 1216 σκηνικοτς
731 1159 829 1203 dixi
852 1159 900 1201 in
921 1157 1111 1216 Sylloge
1135 1156 1504 1212 inscriptionum.
1572 1156 1890 1217 Ἀρχαιολόγοι
1914 1162 1948 1205 ii
1973 1162 2186 1207 videntur
2211 1159 2356 1203 intel-

278 1238 360 1293 ligi
384 1237 659 1290 histriones,
707 1248 907 1294 quorum
925 1249 999 1278 res
1020 1234 1223 1289 maxime
1242 1232 1446 1289 ferebat,
1488 1235 1597 1278 dum
1615 1249 1738 1281 nova
1769 1238 1981 1281 instituta
2009 1244 2057 1280 et
2087 1252 2240 1280 mores
2271 1252 2354 1280 re-

278 1314 649 1372 prehenderent,
682 1312 872 1369 antiqua
896 1325 1081 1369 semper
1100 1310 1450 1355 commendaret
1485 1326 1576 1370 quo
1600 1326 1738 1356 sensu
1762 1312 1862 1357 fere
1889 1311 2151 1372 ἀρεταλόγοι
2183 1321 2229 1357 et
2252 1313 2352 1371 ἦθο-

278 1389 403 1447 λόγοι
423 1391 652 1434 dicuntur.
715 1385 898 1432 Harum
921 1385 1228 1446 personarum
1249 1386 1465 1446 exempla
1491 1386 1664 1447 passim
1688 1390 1829 1434 etiam
1862 1391 1988 1450 apud
2019 1390 2235 1435 Plautum
2261 1390 2351 1435 ob-

277 1470 368 1513 via.
433 1466 541 1511 Non
564 1466 788 1509 abludunt
818 1464 1171 1522 Aristophanica
1193 1464 1277 1508 illa
1293 1463 1413 1510 Nub.
1437 1467 1528 1515 813
1562 1462 1632 1511 ὅτι
1654 1457 1874 1526 παιδάριον
1909 1466 1948 1511 εἲ
1979 1471 2051 1511 καὶ
2081 1471 2246 1527 φρονεῖς
2277 1469 2351 1527 ἀρ-

277 1543 454 1600 χαιῑκσῖ.
527 1543 708 1587 Eodem
728 1555 869 1586 sensu
901 1541 1158 1599 Gregorius
1191 1543 1399 1587 carmine
1430 1545 1532 1589 adv.
1571 1541 1843 1603 episcopos,
1890 1547 2014 1604 quod
2052 1547 2234 1590 Tollius
2260 1547 2350 1591 Iti..

274 1637 387 1666 nere
411 1621 575 1665 Italico
606 1635 651 1677 p.
672 1625 735 1666 22
763 1619 930 1675 edidit,
963 1617 1162 1677 ἀρχαίως
1193 1621 1358 1678 φρονεῖν
1382 1619 1516 1665 dixit.
1583 1619 1658 1663 De
1676 1617 1895 1676 βιολόγοις
1923 1621 2104 1678 egregie
2133 1622 2348 1679 disputa-

274 1701 342 1745 vit
371 1697 609 1742 Iacobsius
629 1698 678 1739 in
708 1694 877 1738 Wolffi
896 1694 1029 1739 Anal.
1062 1696 1151 1739 litt.
1167 1696 1203 1739 1.
1229 1711 1276 1754 p.
1296 1695 1399 1742 106.
1464 1695 1619 1752 Quam
1653 1709 1777 1754 pone
1800 1696 1918 1740 hanc
1943 1711 2102 1742 vocem
2134 1697 2339 1742 lacunam

272 1776 400 1835 sequi
432 1774 571 1827 iussi,
607 1786 662 1815 ea
694 1772 742 1814 in
773 1772 932 1814 codice
957 1771 1202 1828 suppletur
1221 1774 2344 1819 ωΟΔΕΟΒΟΙ.ΔΙΟΟΟΜΗΡΙΟΤΗΝ.ΔΗΤΟΙ.ΝΤ.

273 1856 462 1901 ΧΟΡΟΙ,
495 1863 614 1906 quae
637 1861 724 1904 pro
748 1849 1005 1902 aenigmate
1033 1850 1146 1891 mihi
1173 1849 1387 1904 fuerunt3
1420 1863 1563 1906 quare
1584 1863 1724 1905 quum
1752 1847 1960 1906 Oedipus
1982 1864 2075 1892 non
2096 1852 2208 1904 sim,
2241 1868 2343 1895 ma-

270 1930 338 1973 lui
363 1943 416 1970 ea
446 1929 494 1969 in
521 1931 660 1977 nota,
696 1938 832 1981 quam
853 1925 901 1964 in
927 1930 1147 1966 contextu
1175 1939 1424 1981 exponere.
1506 1924 1670 1982 Neque
1695 1924 1842 1967 multo
1863 1925 1998 1968 aliter
2020 1941 2073 1969 ea
2108 1926 2338 1972 Labbeus·

273 2004 329 2057 ὠς
364 2002 406 2047 δέ
444 2000 655 2052 ὁβοίδιος,
690 1997 919 2056 ὁμηριστῃν
955 1998 1080 2040 §em-01
1112 2014 1298 2058 νυχοροι.
1364 2000 1570 2045 Videant
1591 2000 1833 2042 acutiores.

1221 2123 1262 2183 §.
1327 2125 1396 2172 16.

392 2218 535 2261 Haud
571 2219 713 2275 magis
745 2218 852 2275 quid
884 2218 1067 2261 aro-scit
1101 2216 1159 2261 sit
1180 2248 1193 2271 ‚
1236 2231 1470 2276 assequor.
1537 2218 1713 2263 Livius
1741 2219 1864 2262 haud
1887 2218 2027 2262 dubie
2050 2217 2339 2263 Andronicus

266 2294 349 2336 ille
374 2295 701 2355 intelligendus
729 2301 807 2337 est.
1216 2352 1239 2411 ς
1324 2360 1384 2400 17

388 2445 445 2488 In
474 2445 696 2501 Auctario
731 2444 848 2489 Lex.
890 2444 1054 2489 Graec.
1088 2461 1135 2502 p.
1154 2447 1213 2499 43
1250 2446 1408 2487 monui
1443 2444 1687 2502 legendum
1721 2448 1869 2493 videri
1900 2447 2153 2503 ariolator.
2226 2446 2339 2489 Post

265 2518 577 2582 πραγμαΊευΊὴς
615 2522 739 2579 apud
773 2521 921 2566 Labb.
956 2522 1141 2578 additur
1181 2518 1456 2580 μετάβολος..
1508 2521 1603 2566 Pro
1628 2520 1796 2581 έψέτης
1810 2526 1983 2569 -nescio
2007 2538 2067 2568 an
2092 2523 2336 2580 legendum
2400 2515 2405 2520 ⁸

267 2598 466 2656 ἐψητήςε
512 2598 722 2641 Isidorus
765 2597 973 2642 Glossis:
1018 2597 1304 2652 Ariolator,
1347 2601 1539 2654 cocio,
1596 2598 1617 2643 ὁ
1654 2600 1941 2659 μεταβολεύς.
2033 2601 2165 2643 Idem
2200 2599 2333 2643 alibi:

275 2677 414 2720 Cocio
430 2707 442 2725 ,
478 2675 701 2718 arilator.
767 2675 958 2719 Festus:
996 2674 1229 2720 Arilator
1250 2676 1332 2734 qui
1350 2677 1499 2720 etiam
1523 2679 1650 2721 cocio
1677 2677 1961 2737 appellatur
1984 2680 2071 2723 &a
2272 2723 2282 2727 ,

2192 2756 2230 2815 §·
2265 2760 2335 2804 18.
