2619 3160
1304 128 1346 188 6
1426 173 1432 178 .

281 232 437 281 labb.
460 236 670 291 πλουσος,
701 237 783 282 vix
797 250 968 283 nomen
988 236 1209 284 Latinum
1234 242 1512 298 proprium:
1576 243 1712 290 mam
1741 250 1867 291 certe
1898 245 2100 295 sermm
2134 238 2367 308 quodm-

287 314 427 359 modo
447 314 598 357 munit
622 327 792 358 nomen
823 314 1028 360 Phasias
1058 318 1184 374 apud
1212 314 1468 362 Gruterum
1498 316 1868 379 ancum,
1894 313 1939 371 ὃ.
1978 337 1988 345 “
2012 325 2172 370 Possis
2202 327 2361 385 auspi-2

290 392 408 445 cari,
444 391 726 444 Plautium,
758 393 1101 434 comoediarum
1128 396 1420 451 scriptorem,
1455 396 1570 449 dici,
1603 398 1662 439 de
1689 414 1780 456 quo
1804 398 1984 452 Gellius
1996 398 2081 454 111,
2099 406 2154 448 3:
2192 403 2272 445 sed
2302 415 2361 445 ne

284 470 376 513 hoc
423 467 610 526 quidem
640 480 813 511 nomen
863 482 891 510 a
929 469 1193 527 suspicione
1217 470 1417 516 liberum
1449 471 1649 518 videtur.
1745 473 1803 518 V.
1834 474 1966 522 Anal.
2006 477 2166 531 critica
2198 486 2360 523 nostra

282 558 328 605 p.
346 548 449 593 153.
1248 606 1289 667 §O
1357 613 1384 641 Ο

407 683 463 727 In
490 683 662 727 Codice
687 687 986 736 TIMOPIAc:
1020 684 1198 742 reliqua
1222 690 1274 727 ut
1345 683 1375 725 l.
1406 682 1555 727 Labb.
1581 683 1691 728 Vox
1717 684 1839 728 liber
1870 689 1948 732 hic
1972 694 2020 732 et
2041 689 2151 733 alibi
2171 690 2220 744 iu
2240 689 2356 734 cod.

286 760 405 803 hanc
427 760 527 803 fere
561 760 764 809 formam
792 761 934 804 habet
968 759 1093 819 L133
1115 791 1129 816 ,
1176 766 1221 802 et
1256 761 1411 819 officio
1448 761 1668 806 scribitur
1700 746 1886 811 Offo.
1911 780 2004 824 per
2032 769 2359 826 compendium

281 837 408 880 -haud
433 837 681 881 insuetum.
745 836 963 878 Recurrit
987 837 1037 878 in
1066 837 1226 880 codice
1253 836 1362 881 Gaii
1390 837 1649 884 Veronensi
1675 856 1685 884 :
1731 841 1836 884 vide
1869 840 2152 888 Goeschenii
2184 845 2358 887 editio..

283 928 388 957 nem
413 914 607 957 alteram
626 929 676 971 p.
689 916 793 967 461.
858 914 916 956 Et
939 912 1159 957 Valerius
1174 916 1366 958 Probus
1396 916 1454 960 de
1484 918 1607 962 notis
1631 933 1677 975 p.
1698 921 1832 973 1469.
1873 918 1943 964 ed.
1968 917 2231 964 Godosredi
2262 922 2358 965 iam

278 991 419 1035 OFF.
443 1006 532 1049 pro
552 991 759 1049 officium
786 978 925 1034 scribi
955 997 1270 1036 annotaverat.
1349 992 1597 1052 Caeterum
1620 993 1825 1038 Librum
1860 996 1920 1039 de
1956 995 2112 1054 officio
2139 1013 2358 1056 procon-

281 1069 403 1114 sulis
425 1069 475 1112 in
493 1068 566 1112 his
590 1064 863 1125 fragmentis
885 1069 1055 1125 septies
1076 1069 1176 1112 sine
1195 1069 1395 1113 auctoris
1423 1069 1612 1115 nomine
1645 1071 1882 1117 laudatum
1911 1071 2103 1131 Ulpiani
2124 1087 2250 1129 esse,
2297 1077 2357 1120 ad

281 1147 315 1207 ᾗ.
333 1148 410 1200 24.
440 1143 846 1189 demonstrabitur.

1236 1221 1278 1282 §.
1347 1227 1386 1269 3.

403 1299 496 1344 Pro
526 1304 859 1343 AOTKIANOC
892 1301 974 1345 vix
1000 1301 1161 1343 dubito
1198 1302 1308 1358 quin
1344 1301 1694 1343 AOTKIAAIOC
1722 1302 2040 1359 reponendum
2074 1303 2157 1356 sit,
2207 1302 2354 1345 lenis-

284 1377 398 1421 sima
427 1378 700 1421 mutatione.
773 1378 1021 1421 Praeterea
1052 1378 1192 1420 etiam
1226 1379 1326 1434 ipsa
1357 1392 1450 1421 vox
1486 1385 1709 1423 acactum
1737 1386 1950 1437 suspecta
1981 1380 2197 1427 videtur:
2240 1381 2356 1423 latet
2430 1426 2433 1427 ⁷

281 1454 426 1507 enim,
468 1453 559 1495 nisi
584 1453 753 1508 fallor,
796 1458 875 1495 aut
900 1453 1170 1507 acanthus,
1213 1460 1292 1496 aut
1317 1454 1637 1510 acanthium,
1679 1457 1765 1500 nisi
1805 1458 1928 1500 sorte
1957 1457 2160 1501 insolens
2196 1457 2354 1502 forma

277 1531 552 1574 acanthum.

439 1687 599 1732 Codex
632 1704 841 1736 noceres.
874 1690 1056 1737 ΛΞΕΙΝ.
1082 1663 1472 1735 ΙΕΡΟΦΑῙᾸΙΤΟΤ.
1520 1682 1797 1742 Repositum
1840 1699 2109 1742 suggessere
2152 1684 2354 1728 Glossae

277 1762 421 1806 Labb.
440 1795 454 1817 ‚
497 1764 743 1821 firmatque
771 1764 935 1806 Festus
961 1779 971 1807 :
1017 1763 1218 1806 Acie-rio
1237 1792 1251 1814 ,
1294 1759 1480 1802 seem-ie
1509 1775 1686 1816 aerea,
1728 1778 1823 1822 qua
1856 1763 1907 1805 in
1943 1762 2203 1820 sacr-{liciis
2235 1770 2349 1805 ute-

278 1839 454 1882 bantur
476 1843 775 1894 sacerdotes,
808 1840 889 1882 ubi
919 1855 962 1884 v.
994 1838 1259 1882 Dacerium.
1323 1836 1570 1894 Eo·magis
1601 1844 1757 1895 autem
1792 1838 1945 1895 glossa
1975 1845 2134 1883 nostra
2175 1839 2347 1884 adver..

275 1918 414 1961 tenda
434 1950 446 1971 ,
482 1934 574 1977 quo
601 1920 677 1976 qui
699 1934 755 1962 ex
780 1919 936 1961 Plauti
956 1918 1126 1961 fabulis
1153 1916 1405 1973 deperditis
1430 1914 1685 1971 fragmenta
1707 1917 1958 1961 novissime
2002 1917 2213 1973 collegit,
2244 1916 2349 1959 Bo-

275 1994 399 2038 thius
424 1996 471 2036 in
498 1995 644 2055 priori
670 2001 795 2037 certe
820 1996 1055 2049 editione,
1089 2009 1176 2051 qua
1192 1993 1292 2036 sola
1318 1998 1448 2046 utor,
1483 2008 1641 2036 vocem
1666 1992 1794 2037 illam
1810 1995 2117 2051 praetermisit
2142 1996 2344 2037 omnino.

271 2070 376 2114 Hoc
411 2071 518 2114 loco
564 2084 656 2112 non
689 2085 876 2127 possum
915 2073 1024 2130 quin
1048 2102 1059 2123 ‚
1112 2072 1350 2113 occasione
1379 2070 1500 2112 ultro
1536 2070 1725 2123 oblata,
1774 2070 1991 2128 Plautum
2032 2072 2123 2115 alio
2155 2087 2346 2128 augeam

276 2150 564 2204 fragmento,
596 2148 746 2204 quod,
789 2152 838 2188 ut
864 2147 954 2188 alia
980 2161 1187 2204 quoque,
1227 2146 1286 2188 ad
1315 2148 1435 2189 hunc
1466 2160 1610 2204 usque
1636 2147 1757 2189 diem
1782 2145 2041 2203 neglectum
2075 2153 2155 2189 est.
2221 2145 2346 2191 Vin-

283 2226 460 2268 centius
495 2223 834 2268 Bellovacensis
869 2225 997 2281 Spec.
1033 2222 1244 2273 Natural.
1276 2223 1433 2278 xvll,
1472 2226 1542 2278 94.
1584 2222 1660 2266 ubi
1696 2224 1753 2265 de
1785 2221 1994 2283 Harpyis
2028 2240 2037 2267 :
2092 2224 2344 2283 „Harpiae

276 2303 499 2360 quaedam
522 2316 629 2346 aves
650 2303 876 2354 maxime,
910 2316 1024 2358 quae
1047 2314 1296 2358 numquam
1319 2302 1552 2345 saciantur
1575 2299 1905 2344 manducando.
1975 2300 2169 2345 Plautus
2184 2303 2231 2344 in
2243 2303 2343 2346 Au-

267 2378 460 2422 lularia:
500 2380 731 2436 Harpiae
755 2379 935 2435 digitos
955 2381 1023 2422 ad
1044 2381 1288 2436 praedam
1311 2387 1580 2423 exacuunt:
1627 2381 1789 2422 curvis
1813 2364 1987 2424 15:217}oe
2005 2379 2133 2439 [sic]
2161 2383 2344 2438 ungui·-

270 2456 356 2500 bus
377 2471 525 2515 super·
544 2471 734 2499 mern-sas
756 2455 1004 2500 advolant.
1028 2464 1074 2498 et
1108 2457 1236 2513 quod
1271 2457 1553 2514 contingunt
1588 2457 1834 2512 ausonam,
1847 2472 1868 2509 ‚·
1909 2459 2039 2516 quod
2065 2456 2342 2516 relinquunt

271 2534 513 2594 polluunt.
576 2533 649 2576 Ex
672 2533 791 2575 libro
816 2534 874 2576 de
897 2539 1061 2577 natura
1085 2538 1297 2576 rerum.“
1359 2524 1498 2577 Hunc
1517 2533 1689 2576 librum
1712 2534 1770 2576 de
1785 2540 1966 2577 natura
1985 2533 2093 2590 (vel
2124 2535 2262 2578 etiam
2285 2537 2343 2578 «Ie

271 2612 494 2668 naturis)
515 2626 677 2673 resjum
704 2611 874 2667 passim
906 2607 1179 2653 Vincentius
1218 2610 1374 2653 laudat
1400 2627 1411 2655 ε
1467 2600 1595 2654 cuius
1628 2610 1712 2662 sit,
1749 2623 1821 2652 me
1843 2608 1974 2654 latet.
2040 2608 2164 2664 Illud
2185 2609 2338 2654 Plauti

271 2689 579 2745 Fragmentum
605 2689 649 2730 in
679 2690 799 2731 edita
825 2689 1062 2732 Aulularia
1090 2697 1183 2731 non
1215 2695 1361 2732 exstat
1382 2721 1394 2744 ,
1430 2678 1590 2750 'neque
1609 2686 1730 2731 inter
1753 2688 1851 2732 eius
1882 2687 2141 2756 isragmenta
2167 2702 2336 2732 occur-

2258 2768 2333 2809 rit.
