2619 3160
964 268 967 269 ⁷
1247 257 1264 274 0
1328 228 1403 270 11.

407 292 593 345 Horum
615 315 698 359 ego
715 301 784 359 nil
803 302 943 359 plane
966 286 1175 358 intelligo
1188 332 1203 356 ,
1220 224 1361 359 §quod
1379 314 1474 344 non
1494 301 1662 345 mirum
1680 306 1875 358 propter
1900 301 2063 345 vitium
2086 300 2192 346 voci
2222 314 2346 344 ara-

285 374 528 423 mulariu'e
546 378 817 435 inhaerens,
851 379 975 438 quod
995 379 1179 423 demere
1208 372 1420 437 equidem
1443 377 1568 422 haud
1593 377 1811 421 sustineo.
1879 374 2039 435 Neque
2063 377 2120 420 de
2143 381 2282 420 sensu
2302 390 2344 420 v.

285 451 584 515 ἀντεπίτροπος
613 455 809 519 antehac
827 467 921 498 non
942 453 1214 520 observatae
1236 454 1401 501 melius
1421 459 1613 501 constat.
1675 452 1736 496 Et
1763 453 1889 496 deest
1920 453 2033 495 haec
2059 454 2159 510 ipsa
2191 452 2347 509 glossa

269 530 409 590 'apud
437 530 695 577 Labb'eam.

1222 619 1407 684 §·12·

404 713 461 757 In
488 714 691 772 hislicet
708 717 921 762 nonnihil
955 715 1187 760 mendosis
1208 727 1344 757 nemo
1378 716 1466 757 erit
1499 717 1610 774 quin
1639 715 1836 761 arvales
1863 715 2054 760 sodales
2081 713 2236 756 statim
2265 724 2346 753 re-

283 795 550 846 cognoscat,
587 791 646 834 de
666 791 830 849 quibus
855 797 907 836 ut
936 791 1055 835 nihil
1086 804 1208 834 nune
1223 791 1372 834 dicam
1395 805 1545 850 neque
1567 795 1628 836 de
1647 808 1840 838 numero
1876 794 2072 837 fratrum
2105 788 2343 839 arvalium‚

281 866 339 908 de
358 881 450 924 quo
470 857 821 925 disputaverunt
845 869 1121 926 interpretes
1139 865 1267 911 Festi
1289 881 1332 912 v.
1358 866 1660 914 ambarvales
1679 871 1865 915 hostiae
1878 901 1892 925 ,
1935 883 2086 927 neque
2108 868 2165 911 de
2189 879 2344 909 eorum

281 941 490 999 inrebus
511 944 702 1000 agrariis
722 944 893 988 iudicio
908 974 922 999 ,
949 945 1039 988 hoc
1062 956 1206 987 unum
1225 957 1298 987 res
1320 944 1499 1001 flagitat
1510 960 1871 990 commemorare
1886 976 1899 1001 ,
1932 946 2132 1003 glossam
2144 949 2345 985 nostram

279 1019 474 1061 totidem
508 1019 677 1062 litteris
710 1021 833 1063 inter
871 1020 1144 1064 Labbeanas
1177 1026 1315 1078 atque
1346 1036 1376 1063 a
1406 1021 1669 1066 Passeratio
1717 1026 1776 1067 de
1806 1024 2081 1066 litterarum
2114 1022 2241 1062 inter
2297 1034 2346 1059 se

272 1092 647 1151 permutatione,
677 1111 723 1152 p.
749 1102 835 1143 101,
859 1097 979 1153 (nisi
1000 1097 1125 1155 quod
1146 1096 1222 1139 hic
1239 1096 1410 1140 rectius
1437 1099 1651 1156 sodales)
1677 1099 1858 1153 referri,
1890 1112 2024 1157 quae,
2058 1112 2197 1154 quum
2227 1102 2344 1137 esset

280 1172 536 1216 manifestis
563 1172 711 1218 verbis
736 1174 793 1218 de
827 1173 1049 1218 fratribus
1086 1171 1319 1218 arvalibus
1342 1178 1560 1231 tanquam
1585 1175 1640 1218 de
1670 1175 1895 1219 iudicibus
1925 1172 2083 1218 finium
2111 1172 2347 1229 regundo-

279 1246 382 1291 rum
406 1255 652 1307 concepta,
687 1249 879 1293 Cuiacio
899 1249 1011 1293 Obs.
1026 1250 1088 1305 X,
1112 1252 1171 1306 34
1196 1264 1241 1306 Ρ.
1257 1253 1346 1305 340
1374 1256 1419 1293 et
1437 1250 1524 1305 XI,
1546 1254 1587 1299 5.
1610 1266 1656 1309 p.
1675 1255 1764 1299 352
1794 1265 1951 1294 ansam
1971 1251 2123 1303 dedit,
2153 1256 2205 1291 ut
2227 1250 2345 1291 hanc

279 1326 438 1368 iudicii
479 1326 746 1370 facultatem
777 1328 835 1371 iis
880 1327 1121 1373 tribueret.
1199 1329 1355 1386 Quam
1387 1329 1654 1385 opinionem
1694 1328 1890 1386 posthac
1921 1327 2197 1385 argumentis
2234 1338 2345 1367 sane

278 1387 498 1459 speciosis
530 1403 852 1460 improbarunt
877 1404 1120 1464 Marinius-
1138 1404 1255 1449 Atti
1292 1421 1318 1448 e
1341 1405 1634 1448 monumenti
1654 1406 1728 1448 de’
1740 1402 1946 1460 fratelli
1974 1401 2157 1448 Arvali
2175 1432 2187 1455 ,
2233 1400 2290 1446 T.
2305 1401 2346 1443 1.

284 1494 333 1537 p.
347 1477 479 1529 xlv.
508 1485 555 1521 et
579 1479 882 1525 Ruhnkenius
904 1481 1129 1540 Antiquit.
1161 1481 1298 1528 Rom.
1318 1486 1440 1540 part.
1454 1480 1563 1526 VII.
1593 1496 1640 1539 p.
1655 1487 1714 1527 10
1729 1512 1744 1536 ‚
1777 1480 1986 1539 quamvis
2007 1481 2235 1524 renitente
2257 1480 2347 1522 do-

280 1556 484 1599 ctissimo
505 1557 668 1600 harum
696 1557 1033 1617 Antiquitatum
1056 1559 1259 1614 editore,
1301 1559 1593 1614 Eichstadio,
1635 1557 1812 1617 sibique
1846 1557 2023 1600 Cuiacii
2054 1557 2345 1608 sententiam,

278 1632 411 1676 iustis
450 1632 635 1691 quidem
673 1632 839 1678 finibus
868 1635 1260 1695 circumscriptam
1291 1649 1386 1680 non
1422 1635 1670 1695 displicere
1694 1641 1973 1679 annotante.
2035 1633 2151 1678 Post
2183 1634 2345 1677 talium

279 1710 486 1755 virorum
513 1711 762 1753 sententias
791 1711 830 1752 si
866 1711 935 1754 sas
966 1704 1069 1766 est,
1102 1717 1148 1753 et
1167 1726 1319 1756 meam
1340 1715 1667 1772 interponere,
1699 1712 1845 1756 libere
1862 1713 2039 1767 fateor,
2067 1718 2163 1755 tam
2193 1714 2346 1769 impe-

279 1775 424 1828 ditam
443 1785 557 1828 mihi
590 1798 683 1828 non
723 1786 871 1830 videri
893 1785 1026 1830 illam
1058 1789 1374 1845 quaestionem
1393 1821 1409 1846 ,
1466 1791 1578 1850 quin
1626 1790 1827 1848 quodam
1858 1790 1997 1833 modo
2030 1788 2148 1833 solvi
2193 1795 2342 1846 queat.

212 1920 217 1924 ³
282 1862 437 1918 Quum
460 1863 582 1905 enim
613 1863 661 1905 in
684 1861 765 1905 illa
787 1861 941 1918 glossa
963 1864 1081 1907 nihil
1105 1866 1242 1921 insit,
1284 1868 1409 1926 quod
1441 1869 1600 1912 nativa
1618 1866 1774 1926 aliqua
1801 1867 2064 1923 suspicione
2093 1872 2343 1923 prematur,

276 1939 326 1981 id
345 1945 526 1993 tantum
551 1940 890 1997 quaerendum,
923 1955 980 1984 an
1008 1956 1147 1999 quum
1172 1945 1338 1986 seriori
1369 1949 1546 1998 aetate,
1577 1943 1702 2002 quod
1724 1957 1781 1985 ex
1806 1942 2181 1997 Agrimensorum
2203 1956 2347 1999 prae-

278 2020 438 2060 sertim
472 2018 656 2073 scriptis
685 2017 865 2060 abunde
894 2019 1199 2062 demonstrari
1226 2026 1381 2076 potest
1402 2052 1416 2075 ‚
1468 2021 1664 2074 collegio
1697 2018 1894 2060 fratrum
1931 2018 2159 2061 arvalium
2193 2017 2347 2061 nullus

273 2109 467 2152 prorsus
492 2096 605 2138 iuris
641 2095 821 2138 dicendi
850 2096 978 2138 locus
1010 2096 1057 2138 in
1087 2111 1140 2140 re
1176 2099 1356 2153 agraria
1379 2097 1565 2141 relictus
1596 2096 1687 2148 sit,
1729 2095 1870 2137 immo
1897 2107 2059 2136 eorum
2088 2108 2147 2136 ne
2178 2108 2346 2137 nomen

275 2172 460 2230 quidem
479 2170 679 2229 amplius
700 2173 986 2230 reperiatur,
1039 2174 1162 2217 idem
1186 2164 1326 2219 etiam
1350 2173 1408 2216 ad
1438 2171 1592 2229 prima
1623 2171 1692 2213 rei
1719 2168 1933 2227 publicae
1955 2174 2169 2227 tempora
2197 2172 2350 2232 perti-

274 2255 407 2294 neat:
447 2249 571 2307 quod
592 2248 803 2307 equidem
835 2262 1054 2308 pernego.
1131 2250 1248 2296 Nam
1284 2267 1376 2312 quo
1413 2254 1608 2293 utuntur
1640 2252 1912 2305 argumento
1944 2252 2129 2291 nostrae
2159 2255 2338 2292 senten-

273 2329 369 2372 tiae
388 2326 667 2380 adversarii,
701 2326 876 2369 scilicet
890 2341 949 2370 ex
974 2327 1077 2384 lege
1089 2329 1183 2373 ΧΠ
1206 2329 1466 2373 tabularum
1484 2332 1669 2385 sumpto
1685 2356 1698 2381 ,
1730 2325 1978 2368 secundum
2002 2339 2138 2382 quam
2163 2326 2349 2368 in'con-

272 2405 512 2450 troversiis
536 2405 594 2447 de
614 2402 780 2447 finibus
809 2405 1026 2460 regundis
1064 2405 1244 2452 arbitri
1265 2405 1478 2463 capiendi
1494 2405 1612 2457 sint,
1657 2403 1709 2446 id
1738 2402 1889 2458 ipsum
1923 2404 2104 2441 tantum
2136 2401 2266 2443 abest
2299 2410 2350 2444 ut

273 2488 478 2526 nostram
499 2481 765 2539 opinionem
787 2486 990 2534 evertat,
1013 2488 1066 2524 ut
1089 2483 1254 2527 contra
1283 2484 1403 2527 nihil
1431 2481 1678 2539 impediat,
1714 2477 1958 2535 quominus
1998 2476 2066 2517 ita
2096 2476 2153 2518 de
2181 2478 2268 2520 hac
2298 2494 2351 2522 re

274 2565 559 2613 statuamus,
608 2571 748 2617 quum
771 2558 973 2616 primum
1000 2559 1072 2603 ius
1094 2558 1257 2605 finium
1284 2561 1408 2618 apud
1431 2559 1598 2603 fratres
1628 2555 1808 2600 arvales
1836 2553 2000 2597 fuisset
2022 2582 2036 2608 ,
2085 2553 2136 2597 id
2169 2567 2228 2598 ex
2260 2570 2351 2614 quo

275 2637 399 2682 latae
424 2635 520 2682 XII
541 2634 803 2679 tabularum
832 2635 957 2694 leges
986 2642 1165 2692 essent,
1200 2638 1260 2681 ad
1283 2636 1499 2684 arbitros
1518 2632 1771 2677 transiisse.

2207 2745 2243 2803 §·
2280 2749 2349 2791 31.
