2619 3160
377 243 755 292 emolumentum.
820 246 907 292 Est
926 250 1082 292 autem
1107 247 1207 303 hoc,
1222 245 1344 299 idem
1368 243 1688 303 Glossarium,
1720 246 1855 296 cuius
1878 245 2140 293 biuis’locis
2163 245 2212 291 in
2241 243 2461 290 Auctario

377 322 664 369 Lexicomm
680 323 971 369 Graecorum
995 324 1275 368 mentionem
1297 323 1412 367 feci:
1447 336 1600 382 neque
1623 324 1728 369 falli
1746 336 1821 368 me
1844 319 2138 379 crediderim,
2169 337 2310 384 quum
2329 323 2380 366 id
2400 321 2462 365 ab

376 400 462 445 illo
482 401 716 447 diversum
739 415 841 446 esse
863 414 982 458 nego
996 433 1010 455 ,
1043 402 1102 445 ad
1126 401 1251 458 qnod
1279 401 1402 455 notis
1422 401 1481 444 ad
1510 401 1702 445 Festum
1729 402 1821 445 Ios.
1855 400 2060 457 Scaliger
2082 403 2257 459 passim
2278 414 2460 457 provo-

376 482 475 532 cat,
509 476 727 538 quodque
751 477 840 522 hac
875 476 1014 522 laude
1038 491 1134 521 non
1154 476 1342 521 erubuit
1365 465 1621 521 extollere:
1654 475 1824 533 „Huic
1854 478 2144 522 coniecturae
2175 475 2314 521 fidem
2351 475 2462 519 facit

377 551 675 600 Glossarium
700 553 822 599 illud
849 566 946 597 non
977 554 1088 598 satis
1123 554 1363 597 laudatum
1382 584 1398 608 ‚
1459 558 1507 597 et
1543 553 1681 613 quod,
1708 553 2080 612 magistellornm
2117 552 2332 596 manibus
2370 552 2462 595 teri

375 643 474 676 non
492 631 655 686 debet,
683 631 768 676 sed
784 635 968 675 tantum
988 645 1017 674 a
1040 631 1327 675 doctioribus
1357 639 1495 679 nocte
1524 640 1572 677 et
1602 633 1679 677 die
1711 635 1905 680 versari
1922 638 1955 664 ‘⁴
2024 633 2153 678 Tam
2174 637 2328 677 autem
2355 633 2463 676 fra-

375 714 565 768 gmenta
594 723 623 754 a
655 705 888 764 scaligero
921 706 1184 765 praelibata
1212 710 1326 752 meis
1358 709 1534 754 contuli
1555 741 1570 765 ,
1635 724 1775 771 qnam
1802 709 1984 758 Labbei
2015 710 2191 770 glossas
2208 741 2225 765 ‚
2267 722 2461 768 quarum

377 785 640 843 scriptura,
683 782 766 827 ubi
792 783 1109 841 discrepabat,
1155 783 1404 842 diligenter
1428 792 1649 831 annotata
1680 792 1768 830 est.
1844 784 1999 845 Atque
2030 786 2098 830 ibi
2130 791 2318 845 praeter
2348 786 2462 829 duas

378 861 557 919 glossas
579 859 684 919 (vv.
705 860 1044 905 ‹zv-amularius
1068 867 1114 904 et
1138 860 1321 922 aritia)
1361 877 1519 923 omnes
1557 862 1805 908 observavi
1835 868 2098 921 occupatas.
2170 861 2349 907 Verum
2379 876 2464 904 oo-

378 941 474 986 dex
506 937 705 1004 membr.
738 936 915 993 forma,
956 952 1112 996 quam*
1133 938 1293 982 dicunt
1319 947 1529 999 quartam
1561 941 1822 995 maiorem,
1851 953 1956 983 meo
1980 939 2179 999 quidem
2192 939 2393 993 iudicio,
2427 938 2468 989 si

379 1019 475 1062 non
486 1013 610 1062 nono
632 1010 818 1059 saeculo
839 1015 1039 1072 scriptus
1051 1021 1145 1069 est,
1177 1016 1303 1060 infra
1345 1017 1572 1060 decimum
1602 1013 1760 1060 saltim
1795 1028 1890 1058 non
1912 1014 2239 1073 deprimendus
2264 1015 2462 1071 videtur.

380 1088 708 1160 ffiuaffl³oet
733 1093 882 1136 codex
908 1090 1100 1137 Graecis
1122 1092 1291 1137 litteris
1312 1085 1804 1149 uncialibussformae,
1835 1098 1890 1136 ut
1910 1091 2176 1151 appellant,
2218 1093 2463 1145 rotundae,

381 1171 593 1226 Latinis,
624 1166 806 1215 sibene
825 1169 1037 1225 memini,
1069 1170 1354 1214 minusculis.
1439 1171 1686 1214 Caeterum
1707 1168 1865 1213 codice
1878 1173 2041 1221 nostro
2061 1181 2121 1222 an
2144 1168 2179 1212 ii
2197 1199 2214 1224 ,
2247 1169 2326 1226 qui
2339 1170 2463 1225 uix-if

384 1261 532 1306 usqne
556 1245 741 1303 linguae
761 1243 937 1301 glossas
961 1244 1010 1286 in
1038 1259 1373 1306 unumcorpus
1399 1254 1445 1292 et
1468 1247 1659 1292 Parisiis
1693 1245 1877 1305 quidem
1907 1244 2220 1303 collegerunt,
2259 1245 2322 1288 H.
2353 1245 2462 1288 Ste-

384 1327 582 1385 phanus,
613 1323 942 1370 Bonaventura
953 1321 1222 1380 Vulcanius,
1253 1326 1454 1378 denique
1465 1324 1683 1369 Labbeus
1706 1325 1801 1381 (1),
1830 1324 1902 1366 usi
1917 1323 2012 1366 iam
2036 1323 2231 1376 fuerint,
2263 1324 2464 1370 haudli-

388 1408 497 1462 quet
517 1406 755 1446 accurate:
789 1401 862 1443 sin
889 1404 1044 1444 autem
1061 1401 1262 1451 factum,
1310 1409 1440 1447 tanto
1478 1403 1644 1447 maiori
1679 1402 1804 1446 hunc
1835 1400 2041 1444 codicem
2065 1411 2188 1442 nnnc
2213 1414 2324 1443 cura
2356 1401 2464 1456 dig..

386 1492 499 1523 num
519 1478 692 1550 videri,
724 1476 965 1552 fatendum
989 1482 1082 1531 est,
1115 1485 1287 1535 quanto
1313 1480 1656 1537 diligentiorem
1681 1490 1869 1520 manum
1891 1477 1941 1519 in
1971 1489 2027 1518 eo
2061 1472 2354 1534 excerpendo
2374 1479 2464 1521 ad-

385 1557 480 1605 huc
510 1554 857 1600 desideraveris.

576 1634 998 1705 GLOSSARII
1064 1661 1368 1708 LATINO
1389 1687 1421 1696 -
1441 1662 1722 1709 GRAECI
1783 1658 2266 1705 PARISIENSIS

1122 1758 1164 1802 F
1185 1758 1231 1803 R
1251 1758 1292 1804 A
1317 1759 1363 1802 G
1382 1760 1436 1804 M
1456 1758 1500 1803 E
1520 1758 1566 1802 N
1588 1759 1635 1802 T
1652 1756 1709 1804 A.

494 1853 738 1911 Adfatim·
774 1852 994 1909 ἐπίλογος,
1026 1851 1276 1912 πρόφασις,
1310 1853 1589 1914 προσομιλία,
1622 1849 1681 1904 αἷς
1710 1847 1938 1900 Πλούσιος.

492 1930 901 1987 Aci-subrigendo:
936 1935 993 1980 εἰς
1016 1926 1253 1988 &orde-‘iamne
1281 1934 1498 1990 τιμωρίας.
1538 1926 1777 1986 Βίων-ἀρ
1808 1923 1964 1982 officio
1980 1917 2304 1980 proconsulis.

493 2009 764 2053 Aeac-tum:
798 2005 999 2059 ἄκανθα,
1033 2004 1092 2058 ὥς
1114 2004 1364 2058 Λουκιανός.

489 2162 791 2210 Ambacum.-
828 2162 1012 2215 δοῦλος,
1045 2159 1279 2222 μισθωΊὸς,
1315 2159 1375 2214 ὥς
1397 2160 1571 2211 Ἕννιος.

477 2242 681 2299 Angla:
713 2239 838 2297 ὅγες,
873 2237 1082 2299 τράπεζαι
1106 2243 1326 2299 τρίγωνα,
1358 2237 1415 2293 ὥς
1434 2235 1612 2290 Νέβιος.

494 2321 829 2366 Auserat-ius:
865 2316 1153 2375 χηνοβοσκᾶς.

412 2402 461 2447 8.
489 2398 772 2457 Apluetra:
803 2394 961 2455 πτερὸν
988 2395 1088 2440 πλοί
1073 2411 1163 2449 ιου,
1198 2412 1255 2447 ως
1279 2392 1459 2446 ’.Εννιος

414 2478 458 2526 9
488 2477 696 2535 Appia:
731 2472 839 2527 εἶδος
865 2471 1071 2527 σκεόψους
1105 2490 1164 2526 ως
1176 2467 1462 2524 Πακούβιος.
1500 2482 1502 2484 ’

384 2564 465 2606 10
494 2556 701 2615 Aptra:
736 2550 1102 2613 ἁμπι-λὸφυλλᾳ,
1132 2549 1193 2604 w'5'
1218 2554 1438 2603 Τιτίννιος.

288 1859 459 1904 .b.1

282 1934 378 1977 ..Β
416 1939 461 1979 2

303 2011 395 2067 ,a
422 2014 464 2056 3.

337 2090 384 2133 b·
416 2089 461 2141 4·
495 2087 722 2131 Acieris:
758 2084 879 2140 ἀξίνη
904 2081 1177 2141 ἕεροφοίνΊσο,
1213 2081 1273 2135 ὠς
1293 2084 1518 2134 Πλαῦτος.

301 2180 377 2214 .a.
414 2168 457 2215 5

333 2258 372 2288 a.
402 2243 444 2290 6.

344 2335 384 2364 a.
419 2325 460 2366 7.

2384 2606 2457 2646 11.

433 2740 494 2794 (1)
521 2739 588 2779 De
612 2737 841 2787 subsidiis,
876 2750 983 2798 quae
1005 2736 1051 2777 in
1075 2749 1194 2777 nsum
1221 2731 1423 2775 adhibue-
1528 2727 1675 2786 gaudis
1699 2728 1794 2771 vido
1817 2728 1999 2773 Fabricii
2025 2729 2132 2772 nihl
2160 2728 2305 2771 &aem
2325 2727 2372 2767 Τ.
2387 2726 2455 2765 VI.

433 2824 435 2827 ,
480 2800 585 2831 runt
621 2791 714 2840 illi,
752 2788 864 2830 haud
903 2788 1023 2827 facile
1057 2786 1190 2828 hodie
1224 2785 1428 2840 pervesti·
1530 2781 1924 2839 p.636.ed.11a11.
