2619 3160
1317 146 1352 207 7

292 258 371 304 rit.
434 259 525 305 Sed
540 264 694 318 potest
707 270 850 306 suum
862 258 952 306 sibi
971 259 1127 305 locum
1144 258 1194 303 in
1225 257 1328 317 ipsa
1347 255 1507 303 fabula
1526 256 1785 313 vindicare,
1819 256 2032 303 videlicet
2060 272 2120 304 ex
2151 269 2234 302 ore
2250 255 2352 302 Eu-

293 330 458 381 clionis
476 335 605 382 avari
624 337 745 381 senis
766 335 1016 396 prolatum.
1411 323 1414 325 Α

1248 408 1290 471 §.
1357 414 1400 460 5·

412 490 548 537 Hanc
572 494 722 553 ipsam
743 491 928 538 Codicis
948 490 1223 536 Parisiensis
1249 485 1450 548 glossam
1469 490 1702 548 respicere
1721 491 1906 537 videtur
1926 489 2017 535 Ios.
2052 491 2255 549 Scaliger
2292 490 2352 534 ad

291 555 482 615 Festum
504 587 545 618 v.
564 563 832 622 ambae-tus,
905 568 980 614 De
1011 568 1191 627 origine
1219 567 1362 624 magis
1390 582 1529 627 quam
1562 568 1620 612 de
1642 570 1833 612 notione
1859 584 1902 613 v.
1933 567 2180 613 ambae-tus
2208 568 2265 618 V.
2292 566 2351 611 D.

288 647 339 690 in
361 654 517 705 partes
537 648 676 705 longe
697 647 902 706 diversas
927 646 1192 700 discedunt,
1221 643 1437 691 videlicet
1461 641 1647 695 Gallica
1659 650 1816 688 utrum
1829 647 1914 698 sit,
1947 659 2002 687 an
2019 645 2206 690 Latina:
2243 647 2349 690 vide

286 722 414 767 Festi
435 711 712 781 interpretes
732 727 778 767 et
799 724 1049 781 praecipue
1072 721 1261 766 Morum
1283 722 1343 765 ad
1367 720 1606 765 Caesarem
1632 722 1690 764 de
1705 720 1761 765 Β.
1788 720 1846 764 G.
1860 720 1945 775 VI,
1974 725 2042 768 15.
2106 710 2213 765 Mea
2236 724 2345 781 qui-

287 800 392 844 dem
410 799 659 854 sententia,
694 813 833 857 quam
859 797 1082 843 Dacerius
1105 798 1164 842 ad
1179 797 1367 842 Festum
1387 799 1655 856 occupavit,
1691 798 1789 843 veri
1810 797 1991 843 videtur
2012 798 2219 853 similius,
2241 813 2349 842 am-

286 874 455 919 bactue
483 876 562 932 (h.
588 889 625 918 e.
649 876 1006 934 circumactus)
1038 888 1214 918 meram
1247 887 1347 918 esse
1380 872 1595 918 Latinam
1637 889 1796 919 vocem
1835 889 1974 933 quam
2008 874 2275 918 extraneam
2306 882 2349 917 et

286 949 515 995 Gallicam
539 952 755 1011 quidem,
798 952 1070 1012 praesertim
1092 952 1134 996 si
1152 965 1314 998 verum
1343 956 1439 1006 est,
1481 953 1606 1010 quod
1637 953 1766 996 iuxta
1799 959 2009 996 nostrum
2043 952 2345 1010 glossatorem

284 1024 448 1072 Festus
473 1043 657 1087 quoque
680 1013 934 1083 asseverat,
979 1033 1033 1072 ea
1065 1028 1267 1073 Ennium
1298 1028 1503 1072 iamdum
1536 1043 1672 1072 usum
1708 1043 1824 1077 esse.
1896 1028 2070 1072 Contra
2107 1032 2346 1073 statuerim

284 1119 342 1148 ex
364 1104 500 1148 Latio
521 1107 677 1164 potius
697 1120 798 1149 eam
819 1111 868 1149 in
888 1104 1093 1151 Galliazfi
1109 1106 1488 1163 transmigrasse,
1532 1111 1672 1164 atque
1703 1105 1811 1149 hinc
1846 1107 2030 1150 demum
2059 1114 2212 1150 ortum
2245 1122 2345 1150 esse

284 1182 422 1225 medii
446 1183 546 1226 aevi
570 1181 843 1226 vocabulum
870 1181 1090 1239 cumbam,
1122 1184 1246 1242 quod
1265 1183 1462 1227 ministri
1485 1181 1864 1240 significationem
1888 1183 2061 1226 habere
2084 1192 2288 1234 narrant.

1240 1290 1283 1353 ς.
1349 1292 1393 1338 6.

406 1366 462 1407 ln
482 1368 553 1410 his
576 1373 671 1410 tam
693 1367 841 1424 angla
855 1400 868 1422 ,
913 1384 1049 1426 quam
1069 1367 1168 1424 ὅγες
1190 1369 1448 1413 inauditum
1468 1369 1618 1413 adhuc
1641 1375 1736 1413 est:
1784 1383 1888 1412 cum
1922 1369 2012 1412 hoc
2044 1375 2199 1412 tamen
2232 1368 2338 1413 vide

284 1453 342 1482 an
362 1445 727 1499 comparandum
752 1447 812 1490 sit
833 1443 969 1501 ὄγκοι.

1240 1527 1278 1586 §.
1347 1533 1387 1575 7.

404 1595 694 1645 Vocabulum
723 1604 1007 1648 anser-arius
1032 1602 1216 1648 Lexicis
1249 1603 1355 1650 addi
1383 1612 1552 1664 potest.
1616 1609 1757 1654 Haud
1795 1609 1915 1653 male
1955 1609 2152 1654 fortasse
2184 1606 2341 1664 suspi-

283 1689 412 1732 cere,
444 1678 484 1720 si
508 1678 596 1721 hoc
620 1678 723 1722 loco
748 1680 821 1737 agi
847 1681 904 1724 de
926 1681 982 1727 iis
1004 1682 1249 1726 anserariis
1274 1685 1469 1741 cogites,
1503 1701 1701 1746 quorum
1723 1701 1861 1731 curae
1891 1700 2074 1732 anseres
2108 1688 2155 1730 in
2197 1686 2341 1743 Capi-

281 1753 397 1795 tolio
419 1753 603 1810 publice
632 1756 783 1799 alendi
805 1758 1007 1801 mandati
1037 1765 1202 1802 essent.
1264 1758 1324 1802 V.
1347 1760 1581 1805 Plutarch.
1605 1763 1662 1805 de
1687 1761 1797 1807 fort.
1829 1761 2146 1807 Romanorum
2169 1778 2213 1820 p.
2232 1767 2333 1811 325.

280 1828 349 1870 ed.
370 1828 491 1873 Frcf.
521 1829 733 1875 Lambin.
753 1832 811 1874 ad
831 1831 923 1878 Cic.
949 1846 1036 1890 pro
1065 1832 1202 1877 Rosc.
1227 1834 1328 1880 Am.
1354 1843 1426 1884 20.
1491 1837 1706 1896 Denique
1735 1840 1792 1883 de
1824 1854 1866 1884 v.
1899 1836 2145 1896 χηνοβοσκό
2148 1857 2167 1891 ς
2203 1840 2336 1883 adeas

281 1907 527 1952 Schovium
552 1908 608 1950 de
631 1909 775 1953 chart.
808 1911 1079 1969 papyraceis
1104 1909 1254 1956 Musei
1280 1913 1498 1973 Borgiani
1527 1930 1573 1973 p.
1592 1922 1694 1964 100.

1228 2038 1267 2100 §-
1336 2045 1383 2090 ὃ.

402 2114 456 2158 In
481 2114 618 2159 Ennii
639 2117 919 2172 Annalibus,
954 2132 1072 2161 anno
1103 2118 1319 2175 proximo
1354 2132 1463 2162 cura
1496 2118 1545 2161 E.
1573 2115 1616 2165 S.
1644 2121 1729 2164 Icti
1769 2121 1926 2176 editis,
1972 2123 2215 2180 profertur
2249 2124 2338 2166 hoc

277 2191 553 2235 vocabulum
584 2194 643 2236 ad
667 2192 730 2235 VI
740 2194 772 2248 ¹,
796 2196 865 2242 50.
891 2209 936 2252 p.
955 2198 1037 2250 98,
1090 2195 1338 2237 excitatum
1361 2208 1419 2239 ex
1439 2195 1680 2241 Glossario
1703 2199 1969 2255 Benedicti,
2016 2201 2217 2258 glossam
2246 2215 2339 2244 no-

276 2274 417 2310 stram
442 2270 500 2311 ad
522 2267 713 2338 verbum
739 2270 983 2313 referente.
1049 2271 1224 2316 Eodem
1256 2278 1465 2330 spectare
1484 2275 1668 2318 videtur
1698 2275 1991 2321 Glossarium
2025 2280 2262 2335 antiquum
2290 2280 2338 2320 in

276 2345 521 2388 Hafniensi
542 2344 825 2388 bibliotheca
856 2349 1119 2404 servatum,
1161 2364 1428 2408 mecumque
1461 2351 1517 2394 ab
1549 2351 1672 2396 Olao
1708 2353 1931 2408 Blochio‚
1974 2356 2075 2400 viro
2116 2356 2337 2398 eruditis-

277 2424 393 2466 simo
425 2417 628 2488 mihique
653 2411 927 2466 amicissimo
968 2428 1374 2472 communicatum:
1409 2421 1729 2487 simplus-tra:
1762 2440 2044 2475 ornamenta
2068 2433 2144 2475 vel
2166 2444 2336 2476 arma-

277 2506 437 2543 menta
464 2500 618 2547 navis.
684 2495 744 2541 Et
775 2499 892 2559 hauc
924 2513 1008 2557 ego
1033 2501 1327 2567 originariam
1356 2521 1520 2551 censeo
1543 2509 1667 2551 vocis
1694 2509 1872 2565 origine
1891 2508 2100 2553 Graecae
2129 2508 2336 2568 scriptu'-

277 2593 402 2631 ram,
436 2578 562 2621 cuius
588 2577 736 2635 prima
754 2577 934 2635 syllaba
959 2593 1018 2622 ex
1037 2577 1185 2639 ἀμφί,
1218 2588 1270 2624 ut
1295 2584 1496 2638 videtur,
1529 2583 1651 2627 facta
1673 2591 1764 2637 est,
1798 2592 1849 2628 ut
1882 2587 1929 2628 in
1963 2601 2003 2630 v.
2046 2587 2334 2644 amfractus.

276 2654 395 2700 Nam
416 2657 566 2713 prima
585 2653 788 2713 syllaba,
823 2655 1094 2715 plerumque
1119 2645 1417 2715 liroducitur3
1459 2666 1673 2718 correpta
1698 2660 1868 2718 legitur
1905 2652 2050 2721 ahud*
2065 2663 2338 2711 Ciceronem

275 2736 323 2778 in
349 2733 528 2778 Arateis
554 2730 676 2789 apud
697 2729 914 2776 Priscian.
933 2731 1038 2777 vn.
1065 2748 1110 2791 p.
1125 2735 1226 2785 769.
1250 2729 1436 2781 Putsch.

2181 2802 2336 2844 Navi-
